%% This BibTeX bibliography file was created using BibDesk.
%% http://bibdesk.sourceforge.net/


%% Created for Lauro Cesar Araujo at 2015-04-27 19:43:45 -0300 


%% Saved with string encoding Unicode (UTF-8) 

@manual{slides,
        Title = {Slides de aula},
        Url = {http://www.inf.ufsc.br/~vania/teaching/INE5644/clustering2.ppt},
        Urlaccessdate = {30 mar. 2018},
        Year = {2018}
}

https://wiki.debian.org/Subkeys