%% This BibTeX bibliography file was created using BibDesk.
%% http://bibdesk.sourceforge.net/


%% Created for Lauro Cesar Araujo at 2015-04-27 19:43:45 -0300 


%% Saved with string encoding Unicode (UTF-8) 

@manual{material_aula,
        Title = {Aula 17 - Classificação - Conceitos básicos e Árvores de Decisão - Parte 1 - Prática},
		Author = {Alexandre Savaris},
        Urlaccessdate = {24 abril 2018},
        Year = {2018}
}

@book{Witten:2016:DMF:3086818,
 author = {Witten, Ian H. and Frank, Eibe and Hall, Mark A. and Pal, Christopher J.},
 title = {Data Mining, Fourth Edition: Practical Machine Learning Tools and Techniques},
 year = {2016},
 isbn = {0128042915, 9780128042915},
 edition = {4th},
 publisher = {Morgan Kaufmann Publishers Inc.},
 address = {San Francisco, CA, USA},
} 

https://wiki.debian.org/Subkeys