%% This BibTeX bibliography file was created using BibDesk.
%% http://bibdesk.sourceforge.net/


%% Created for Lauro Cesar Araujo at 2015-04-27 19:43:45 -0300 


%% Saved with string encoding Unicode (UTF-8) 

@book{Coulouris:2011:DSC:2029110,
 author = {Coulouris, George and Dollimore, Jean and Kindberg, Tim and Blair, Gordon},
 title = {Distributed Systems: Concepts and Design},
 year = {2011},
 isbn = {0132143011, 9780132143011},
 edition = {5th},
 publisher = {Addison-Wesley Publishing Company},
 address = {USA},
}