%% This BibTeX bibliography file was created using BibDesk.
%% http://bibdesk.sourceforge.net/


%% Created for Lauro Cesar Araujo at 2015-04-27 19:43:45 -0300 


%% Saved with string encoding Unicode (UTF-8) 

@manual{material_aula1,
        Title = {Aula 17 - Classificação - Conceitos básicos e Árvores de Decisão - Parte 1 - Prática},
        Author = {Alexandre Savaris},
        Urlaccessdate = {24 abril 2018},
        Year = {2018}
}

@manual{material_aula,
        Title = {Aula 20 - Classificação - Conceitos básicos e Árvores de Decisão - Parte 2},
		Author = {Alexandre Savaris},
        Urlaccessdate = {03 maio 2018},
        Year = {2018}
}

@manual{enunciado_aula,
        Title = {Aula 20 - Classificação - Conceitos básicos e Árvores de Decisão - Parte 2 - Prática},
		Author = {Alexandre Savaris},
        Urlaccessdate = {24 abril 2018},
        Year = {2018}
}

@book{Witten:2016:DMF:3086818,
 author = {Witten, Ian H. and Frank, Eibe and Hall, Mark A. and Pal, Christopher J.},
 title = {Data Mining, Fourth Edition: Practical Machine Learning Tools and Techniques},
 year = {2016},
 isbn = {0128042915, 9780128042915},
 edition = {4th},
 publisher = {Morgan Kaufmann Publishers Inc.},
 address = {San Francisco, CA, USA},
} 

@manual{decision-tree-unicamp,
        Title = {Notas de Aula - Árvores de Decisão},
        Author = {Fernando J. Von Zuben and Romis R. F. Attux},
        Url = {ftp://ftp.dca.fee.unicamp.br/pub/docs/vonzuben/ia004_1s10/notas_de_aula/topico7_IA004_1s10.pdf},
        Urlaccessdate = {03 maio 2018},
        Year = {2010}
}

https://wiki.debian.org/Subkeys