%% This BibTeX bibliography file was created using BibDesk.
%% http://bibdesk.sourceforge.net/


%% Created for Lauro Cesar Araujo at 2015-04-27 19:43:45 -0300 


%% Saved with string encoding Unicode (UTF-8) 

@manual{slides_aula,
title = {Slides de Aula: Classificação: Conceitos básicos e Árvores de Decisão - Parte 1},
author= {Alexandre Savaris},
year = {2018}}